<?xml version="1.0" encoding="UTF-8"?><collection xmlns="http://www.loc.gov/MARC21/slim"><record><leader>00351nam--2200133-i-4500</leader><controlfield tag="001">000020576</controlfield><controlfield tag="002">20161230</controlfield><controlfield tag="005">20161230201033</controlfield><controlfield tag="008">060222s1000------------r-----000-0-eng-d</controlfield><datafield ind1=" " ind2=" " tag="080"><subfield code="a">517(076)</subfield></datafield><datafield ind1=" " ind2=" " tag="100"><subfield code="a">Potapov, M.K., Olehnik, S.N. Si Nesterenko. Iu.V</subfield></datafield><datafield ind1=" " ind2=" " tag="245"><subfield code="a">Kokursnie padaci po matematike</subfield></datafield><datafield ind1=" " ind2=" " tag="260"><subfield code="a">Moskva, Nauka, 1992. 477 P</subfield></datafield><datafield ind1=" " ind2=" " tag="852"><subfield code="a">80445</subfield></datafield></record></collection>